@book{hackbusch2017elliptic,
  title={Elliptic differential equations: theory and numerical treatment},
  author={Hackbusch, Wolfgang},
  volume={18},
  year={2017},
  publisher={Springer}
}

@book{stoer2002introduction,
  title={Introduction to Numerical Analysis},
  author={Stoer, J. and Bartels, R. and Gautschi, W. and Bulirsch, R. and Witzgall, C.},
  isbn={9780387954523},
  lccn={2002019729},
  series={Texts in Applied Mathematics},
  url={https://books.google.com.br/books?id=1oDXWLb9qEkC},
  year={2002},
  publisher={Springer New York}
}
